@article{Ren2016Image,
  title={Image Deblurring via Enhanced Low-Rank Prior},
  author={Ren, Wenqi and Cao, Xiaochun and Pan, Jinshan and Guo, Xiaojie and Zuo, Wangmeng and Yang, Ming Hsuan},
  journal={IEEE Transactions on Image Processing},
  volume={25},
  number={7},
  pages={3426-3437},
  year={2016},
}
@inproceedings{Bouzerdoum2017A,
  title={A low-rank and jointly-sparse approach for multipolarization through-wall radar imaging},
  author={Bouzerdoum, A. and Tang, V. H. and Phung, S. L.},
  booktitle={Radar Conference},
  pages={0263-0268},
  year={2017},
}
@article{Wang2017Look,
  title={Look-Ahead Hybrid Matching Pursuit for Multipolarization Through-Wall Radar Imaging},
  author={Wang, Xueqian and Li, Gang and Wan, Qun and Burkholder, Robert J.},
  journal={IEEE Transactions on Geoscience \& Remote Sensing},
  volume={PP},
  number={99},
  pages={1-10},
  year={2017},
}
@article{Tang2018Multipolarization,
  title={Multipolarization Through-wall Radar Imaging using Low-rank and Jointly-sparse Representations},
  author={Tang, V. H. and Bouzerdoum, A. and Phung, S. L.},
  journal={IEEE Transactions on Image Processing},
  volume={PP},
  number={99},
  pages={1-1},
  year={2018},
}
@inproceedings{Tang2016Radar,
  title={Radar imaging of stationary indoor targets using joint low-rank and sparsity constraints},
  author={Tang, V. H. and Bouzerdoum, A. and Phung, S. L. and Tivive, F. H. C.},
  booktitle={IEEE International Conference on Acoustics, Speech and Signal Processing},
  pages={1412-1416},
  year={2016},
}
@article{Chandrasekaran2009Rank,
  title={Rank-Sparsity Incoherence for Matrix Decomposition},
  author={Chandrasekaran, Venkat and Sanghavi, Sujay and Parrilo, Pablo A. and Willsky, Alan S.},
  journal={Siam Journal on Optimization},
  volume={21},
  number={2},
  pages={572-596},
  year={2009},
}
@inproceedings{Waters2011SpaRCS,
  title={SpaRCS: recovering low-rank and sparse matrices from compressive measurements},
  author={Waters, Andrew E. and Sankaranarayanan, Aswin C. and Baraniuk, Richard G.},
  booktitle={International Conference on Neural Information Processing Systems},
  pages={1089-1097},
  year={2011},
}
@inproceedings{Zhu2016On,
  title={On the dimensionality of wall and target return subspaces in through-the-wall radar imaging},
  author={Zhu, Zhihui and Wakin, Michael B.},
  booktitle={International Workshop on Compressed Sensing Theory and ITS Applications To Radar, Sonar and Remote Sensing},
  pages={110-114},
  year={2016},
}
@article{Ahmad2015Wall,
  title={Wall Clutter Mitigation Using Discrete Prolate Spheroidal Sequences for Sparse Reconstruction of Indoor Stationary Scenes},
  author={Ahmad, Fauzia and Qian, Jiang and Amin, Moeness G.},
  journal={IEEE Transactions on Geoscience \& Remote Sensing},
  volume={53},
  number={3},
  pages={1549-1557},
  year={2015},
}
@inproceedings{Tivive2011An,
  title={An SVD-based approach for mitigating wall reflections in through-the-wall radar imaging},
  author={Tivive, F. H. C. and Bouzerdoum, A. and Amin, M. G.},
  booktitle={Radar Conference},
  pages={519-524},
  year={2011},
}
@article{Zhu2015Approximating,
  title={Approximating Sampled Sinusoids and Multiband Signals Using Multiband Modulated DPSS Dictionaries},
  author={Zhu, Zhihui and Wakin, Michael B.},
  journal={Journal of Fourier Analysis \& Applications},
  volume={23},
  number={6},
  pages={1-48},
  year={2015},
}
@article{Slepian1978Prolate,
  title={Prolate spheroidal wave functions, fourier analysis, and uncertainty â€” V: the discrete case},
  author={Slepian, D},
  journal={Bell Labs Technical Journal},
  volume={40},
  number={1},
  pages={43-63},
  year={1978},
}
@article{Chandra2008An,
  title={An approach to remove the clutter and detect the target for ultra-wideband through-wall imaging},
  author={Chandra, R. and Gaikwad, Abhay N and Singh, Dharmendra and Nigam, M J},
  journal={Journal of Geophysics \& Engineering},
  volume={5},
  number={4},
  pages={412-419},
  year={2008},
}
@article{Verma2009Analysis,
  title={Analysis of Clutter Reduction Techniques for Through Wall Imaging in UWB Range},
  author={Verma, Pramod Kumar and Gaikwad, Abhay N. and Singh, Dharmendra and Nigam, M. J.},
  journal={Progress in Electromagnetics Research B},
  volume={17},
  number={17},
  pages={2009},
  year={2009},
}
@inproceedings{Zhu2015Wall,
  title={Wall clutter mitigation and target detection using Discrete Prolate Spheroidal Sequences},
  author={Zhu, Zhihui and Wakin, Michael B.},
  booktitle={International Workshop on Compressed Sensing Theory and ITS Applications To Radar, Sonar and Remote Sensing},
  pages={41-45},
  year={2015},
}
@article{Davenport2011Compressive,
  title={Compressive sensing of analog signals using Discrete Prolate Spheroidal Sequences},
  author={Davenport, Mark A. and Wakin, Michael B.},
  journal={Applied \& Computational Harmonic Analysis},
  volume={33},
  number={3},
  pages={438-472},
  year={2011},
}
@article{Dilsavor2005Experiments,
  title={Experiments on wideband through-the-wall radar imaging (Invited Paper)},
  author={Dilsavor, Ronald and Keichel, William and Ailes, William and Rush, Paul and Ahmad, Fauzia and Amin, Moeness and Titi, Gerard},
  journal={Proceedings of SPIE - The International Society for Optical Engineering},
  volume={5808},
  pages={196-209},
  year={2005},
}
@article{Guo2018Low,
  title={Low Rank Matrix Recovery via Robust Outlier Estimation},
  author={Guo, Xiaojie and Lin, Zhouchen},
  journal={IEEE Transactions on Image Processing},
  volume={PP},
  number={99},
  pages={1-1},
  year={2018},
}
