@inproceedings{Zhu2016On,
  title={On the dimensionality of wall and target return subspaces in through-the-wall radar imaging},
  author={Zhu, Zhihui and Wakin, Michael B.},
  booktitle={International Workshop on Compressed Sensing Theory and ITS Applications To Radar, Sonar and Remote Sensing},
  pages={110-114},
  year={2016},
}
@article{Ahmad2015Wall,
  title={Wall Clutter Mitigation Using Discrete Prolate Spheroidal Sequences for Sparse Reconstruction of Indoor Stationary Scenes},
  author={Ahmad, Fauzia and Qian, Jiang and Amin, Moeness G.},
  journal={IEEE Transactions on Geoscience \& Remote Sensing},
  volume={53},
  number={3},
  pages={1549-1557},
  year={2015},
}
@inproceedings{Tivive2011An,
  title={An SVD-based approach for mitigating wall reflections in through-the-wall radar imaging},
  author={Tivive, F. H. C. and Bouzerdoum, A. and Amin, M. G.},
  booktitle={Radar Conference},
  pages={519-524},
  year={2011},
}
@article{Zhu2015Approximating,
  title={Approximating Sampled Sinusoids and Multiband Signals Using Multiband Modulated DPSS Dictionaries},
  author={Zhu, Zhihui and Wakin, Michael B.},
  journal={Journal of Fourier Analysis \& Applications},
  volume={23},
  number={6},
  pages={1-48},
  year={2015},
}
@article{Slepian1978Prolate,
  title={Prolate spheroidal wave functions, fourier analysis, and uncertainty â€” V: the discrete case},
  author={Slepian, D},
  journal={Bell Labs Technical Journal},
  volume={40},
  number={1},
  pages={43-63},
  year={1978},
}
@article{Chandra2008An,
  title={An approach to remove the clutter and detect the target for ultra-wideband through-wall imaging},
  author={Chandra, R. and Gaikwad, Abhay N and Singh, Dharmendra and Nigam, M J},
  journal={Journal of Geophysics \& Engineering},
  volume={5},
  number={4},
  pages={412-419},
  year={2008},
}
@article{Verma2009Analysis,
  title={Analysis of Clutter Reduction Techniques for Through Wall Imaging in UWB Range},
  author={Verma, Pramod Kumar and Gaikwad, Abhay N. and Singh, Dharmendra and Nigam, M. J.},
  journal={Progress in Electromagnetics Research B},
  volume={17},
  number={17},
  pages={2009},
  year={2009},
}
@inproceedings{Zhu2015Wall,
  title={Wall clutter mitigation and target detection using Discrete Prolate Spheroidal Sequences},
  author={Zhu, Zhihui and Wakin, Michael B.},
  booktitle={International Workshop on Compressed Sensing Theory and ITS Applications To Radar, Sonar and Remote Sensing},
  pages={41-45},
  year={2015},
}
@article{Davenport2011Compressive,
  title={Compressive sensing of analog signals using Discrete Prolate Spheroidal Sequences},
  author={Davenport, Mark A. and Wakin, Michael B.},
  journal={Applied \& Computational Harmonic Analysis},
  volume={33},
  number={3},
  pages={438-472},
  year={2011},
}
