@article{Ren2016Image,
  title={Image Deblurring via Enhanced Low-Rank Prior},
  author={Ren, Wenqi and Cao, Xiaochun and Pan, Jinshan and Guo, Xiaojie and Zuo, Wangmeng and Yang, Ming Hsuan},
  journal={IEEE Transactions on Image Processing},
  volume={25},
  number={7},
  pages={3426-3437},
  year={2016},
}
@inproceedings{Bouzerdoum2017A,
  title={A low-rank and jointly-sparse approach for multipolarization through-wall radar imaging},
  author={Bouzerdoum, A. and Tang, V. H. and Phung, S. L.},
  booktitle={Radar Conference},
  pages={0263-0268},
  year={2017},
}
@article{Wang2017Look,
  title={Look-Ahead Hybrid Matching Pursuit for Multipolarization Through-Wall Radar Imaging},
  author={Wang, Xueqian and Li, Gang and Wan, Qun and Burkholder, Robert J.},
  journal={IEEE Transactions on Geoscience \& Remote Sensing},
  volume={PP},
  number={99},
  pages={1-10},
  year={2017},
}
@article{Tang2018Multipolarization,
  title={Multipolarization Through-wall Radar Imaging using Low-rank and Jointly-sparse Representations},
  author={Tang, V. H. and Bouzerdoum, A. and Phung, S. L.},
  journal={IEEE Transactions on Image Processing},
  volume={PP},
  number={99},
  pages={1-1},
  year={2018},
}
@inproceedings{Tang2016Radar,
  title={Radar imaging of stationary indoor targets using joint low-rank and sparsity constraints},
  author={Tang, V. H. and Bouzerdoum, A. and Phung, S. L. and Tivive, F. H. C.},
  booktitle={IEEE International Conference on Acoustics, Speech and Signal Processing},
  pages={1412-1416},
  year={2016},
}
@article{Chandrasekaran2009Rank,
  title={Rank-Sparsity Incoherence for Matrix Decomposition},
  author={Chandrasekaran, Venkat and Sanghavi, Sujay and Parrilo, Pablo A. and Willsky, Alan S.},
  journal={Siam Journal on Optimization},
  volume={21},
  number={2},
  pages={572-596},
  year={2009},
}
@inproceedings{Waters2011SpaRCS,
  title={SpaRCS: recovering low-rank and sparse matrices from compressive measurements},
  author={Waters, Andrew E. and Sankaranarayanan, Aswin C. and Baraniuk, Richard G.},
  booktitle={International Conference on Neural Information Processing Systems},
  pages={1089-1097},
  year={2011},
}
